@mvbook{c1ref1,
    subtitle = {IEEE Transactions on Speech and Audio Processing},
    date = {2002},
    volumes = {10},
    number = {5},
}
